<?xml version="1.0" encoding="UTF-8"?><collection><record><leader>08468ntm a2200661 a 4500</leader><controlfield tag="001">006795901</controlfield><controlfield tag="003">MiAaHDL</controlfield><controlfield tag="005">20190719000000.0</controlfield><controlfield tag="006">m        d        </controlfield><controlfield tag="007">cr bn ---auaua</controlfield><controlfield tag="008">090521q15621563xx            00| ||ara d</controlfield><datafield tag="035" ind1=" " ind2=" "><subfield code="a">(MiU)006795901</subfield></datafield><datafield tag="035" ind1=" " ind2=" "><subfield code="a">sdr-miu006795901</subfield></datafield><datafield tag="040" ind1=" " ind2=" "><subfield code="a">MiU</subfield><subfield code="c">MiU</subfield><subfield code="e">amremm</subfield></datafield><datafield tag="043" ind1=" " ind2=" "><subfield code="a">n-us-mi</subfield></datafield><datafield tag="100" ind1="1" ind2=" "><subfield code="6">880-01</subfield><subfield code="a">Ibn Sharaf Shāh, Ḥasan ibn Muḥammad,</subfield><subfield code="d">1247 or 8-1315 or 16.</subfield></datafield><datafield tag="245" ind1="1" ind2="3"><subfield code="6">880-03</subfield><subfield code="a">al-Wāfiyah fī sharḥ al-Kāfiyah,</subfield><subfield code="f">[970, i.e.1562 or 1563].</subfield></datafield><datafield tag="246" ind1="3" ind2=" "><subfield code="i">Edge title (tail):</subfield><subfield code="a">وافية شرح كافية</subfield></datafield><datafield tag="260" ind1=" " ind2=" "><subfield code="c">[1562 or 1563].</subfield></datafield><datafield tag="300" ind1=" " ind2=" "><subfield code="a">94 leaves :</subfield><subfield code="b">paper ;</subfield><subfield code="c">171 x 125 (115-161 x 63-105) mm.</subfield></datafield><datafield tag="500" ind1=" " ind2=" "><subfield code="a">Shelfmark: Ann Arbor, University of Michigan, Special Collections Library, Isl. Ms. 225</subfield></datafield><datafield tag="500" ind1=" " ind2=" "><subfield code="a">Origin: As appears at the close of al-Kāfiyah on p.176, copied by ʻAbd al-Ghaffār ibn Ḥājj Sinān with transcription finished in the year 970 [1562 or 3]. Text of al-Wāfiyah in the same hand.</subfield></datafield><datafield tag="500" ind1=" " ind2=" "><subfield code="a">Former shelfmark: "325 T. De M. [i.e. Tammaro De Marinis]" inscribed in pencil on recto front flyleaf (p.1) ; "134" inscribed in pencil on added leaf (p.3)</subfield></datafield><datafield tag="500" ind1=" " ind2=" "><subfield code="a">Binding: Pasteboards covered in dark brown leather with much darker leather over envelope flap ; Type II binding (with flap) ; board linings in combed marbled paper in salmon, blue, red, white, etc. ; upper and lower covers bear central blind-stamped and gold-painted mandorla (filled with vegetal composition compare Déroche class. OSd 3) and tooled border ; sewn in pink thread, two stations ; worked chevron endbands in pink and blue, fairly good condition ; overall in fair condition with minor staining, abrasion, lifting of leather, etc. ; subtle repairs to spine, areas of board edges (covering tooled border), and fore edge flap in dark red-brown leather.</subfield></datafield><datafield tag="500" ind1=" " ind2=" "><subfield code="a">Support: non-European (likely Persian or Indian) laid paper with 9 laid lines per cm. (fairly indistinct, vertical or horizontal, varies), sturdy, fairly transluscent, medium to dark cream in color, quite well-sized and burnished ; closing flyleaves in European laid paper with 12 laid lines per cm. (vertical), chain lines spaced 26-27 mm. apart (horizontal), and crossbow in circle watermark (trefoil above, V below), sturdy, cream in color, well-burnished.</subfield></datafield><datafield tag="500" ind1=" " ind2=" "><subfield code="a">Decoration: Keywords, headings and abbreviation symbols rubricated ; textual dividers in the form of red discs.</subfield></datafield><datafield tag="500" ind1=" " ind2=" "><subfield code="a">Script: Naskh ; both al-Wāfiyah and interspersed text of al-Kāfiyah in the same compact Turkish hand ; serifless with slight effect of tilt to the left, some elongation of horizontal strokes, slight effect of words descending to baseline (occasionally more exaggerated).</subfield></datafield><datafield tag="500" ind1=" " ind2=" "><subfield code="a">Layout: Written mainly in 37-38 lines per page ; written area of each page arranged in three blocks of text - an upper and a lower block running horizontally with 9 lines each and a central block oriented vertically (running parallel to the spine of the text block) with 19-20 lines ; where the text of al-Kafiyah appears (pp.96-99, pp.147-153, pp.169-176, etc.) layout shifts to single column in 15 lines per page with glosses arranged in margins.</subfield></datafield><datafield tag="500" ind1=" " ind2=" "><subfield code="a">Collation: ii, V (10), II (114), 8 V(94), ii ; quinions and a binion ; lacks proper catchwords, but but last word of final line on the verso of each leaf is usually repeated at the beginning of the first line on the following recto ; pagination in pencil, Western numerals, supplied during digitization (includes flyleaves).</subfield></datafield><datafield tag="500" ind1=" " ind2=" "><subfield code="a">Colophon: "Scribal," triangular, reads: "تم الكتاب بعون الله وتوفيقه على يد اضعف العباد عبد الغفار بن حاج سنان الملتجئ بحرم تعليم الصبيان عام سبعين وتسع مائة من الهجرة النبوية"</subfield></datafield><datafield tag="500" ind1=" " ind2=" "><subfield code="a">Dedication: As appears in opening on p.6, composed for al-Amīr Nāṣir al-Dīn Yaḥyá ibn al-Malik Jalāl al-Dīn Ibrāhim ibn Yaghrush Bīlkā Malik al-Khitan.</subfield></datafield><datafield tag="500" ind1=" " ind2=" "><subfield code="a">Explicit: "فانك اذا قلت في يا زيدون اضربن اضربوا في الوقف وفي يا امرأة اضربن اضري في الوقف يعلم انه بدل عن النون او المحذوف المردود والله اعلم بالصواب واليه المرجع والمآب"</subfield></datafield><datafield tag="500" ind1=" " ind2=" "><subfield code="a">Incipit: "احمد الله على عظمة جلاله حمد غريق بمطالعة جماله واشكره لجزيل نواله معتقد لمعاده ومآله ... وبعد فاني بعد ان شرحت كتاب الكافية في النحو اولا مع ايرادات واجوبة وابحاث كثيرة شرحته ثانيا مقتصرا على حل الفاظه وشرح معانيه والاشارة الى تحليل تركيباته ومبانيه وجعلته لرسم خدمت الامير الكبير ...سلالة الامراء والوزراء مفخر العرب والعجم ناصر الدولة والدين وشمس الاسلام والمسلمين يحيى بن المخدوم المعظم ملك ملوك الامراء والوزراء صاحب السيف والعلم صلاح العالم جلال الدنيا والدين ابراهيم بن يغرش بيلكا ملك الختن اعز الله انصارهما وضاعف في العالمين اقتدارهما بسبب اشتغالة هذا الكتاب الذي هو دستور في هذا الفن لاولى الالباب وسميته بالوافية في شرح الكافية لكونه وافيا لحل الفاظه وشرح معانيه"</subfield></datafield><datafield tag="500" ind1=" " ind2=" "><subfield code="a">Title from opening on p.6.</subfield></datafield><datafield tag="500" ind1=" " ind2=" "><subfield code="a">Ms. codex.</subfield></datafield><datafield tag="510" ind1="4" ind2=" "><subfield code="a">Suppl. Cat. Arab MSS. Brit. Mus.</subfield><subfield code="c">p. 608</subfield></datafield><datafield tag="510" ind1="4" ind2=" "><subfield code="a">Brockelmann, C. GAL,</subfield><subfield code="c">I 304, I. 8 b</subfield></datafield><datafield tag="520" ind1="8" ind2=" "><subfield code="a">Careful copy of the commentary by Rukn al-Dīn al-Ḥasan ibn Muḥammad ibn Sharaf Shāh al-Astarābādhī (d.1315 or 6) upon al-Kāfiyah, Ibn al-Ḥājib's grammatical treatise on naḥw (syntax). The text of al-Kāfiyah is included, in sections of differing layout interspersed throughout.</subfield></datafield><datafield tag="538" ind1=" " ind2=" "><subfield code="a">Mode of access: Internet.</subfield></datafield><datafield tag="541" ind1=" " ind2=" "><subfield code="c">Purchase ;</subfield><subfield code="a">Acquired by purchase (funds donated by Horace Rackham).</subfield><subfield code="d">1924.</subfield></datafield><datafield tag="546" ind1=" " ind2=" "><subfield code="a">Arabic.</subfield></datafield><datafield tag="561" ind1=" " ind2=" "><subfield code="a">Inscriptions in pencil on front flyleaves "325 T. De M. [i.e. Tammaro De Marinis]" (p.1) and "134" (p.3) ; numerous former owners' marks on front flyleaf (p.1) including statement in name of one Aḥmad Khayyir ibn Muḥammad ʻĀrif (احمد خير بن محمد عارف) accompanied by circular/oval seal impression, statement in name of one ʻAbd Allāh ibn ʻAbd al-Qādir (عبد الله بن عبد القادر) accompanied by oval seal impression (dated 1215 [1800 or 01] or 1219 [1804 or 5]), two other illegible circular/oval seal impressions and kabīkaj invocation "يا كبيكج يا حف[يظ]" ; on 'title page' (p.5), a fully effaced ownership statement and a partially effaced ownership statement in blue ink possibly dated 1244 [1828 or 9] ; extensive interlinear and marginal glosses and corrections ; several prayers (for before and after study) and excerpts on leaves at opening of codex (preceding text).</subfield></datafield><datafield tag="600" ind1="1" ind2="0"><subfield code="a">Ibn al-Ḥājib, ʻUthmān ibn ʻUmar,</subfield><subfield code="d">1175-1249.</subfield><subfield code="t">Kāfiyah.</subfield></datafield><datafield tag="650" ind1=" " ind2="0"><subfield code="a">Manuscripts, Arabic</subfield><subfield code="z">Michigan</subfield><subfield code="z">Ann Arbor.</subfield></datafield><datafield tag="650" ind1=" " ind2="0"><subfield code="a">Arabic language</subfield><subfield code="x">Grammar</subfield><subfield code="v">Early works to 1800.</subfield></datafield><datafield tag="650" ind1=" " ind2="0"><subfield code="a">Arabic language</subfield><subfield code="x">Syntax</subfield><subfield code="v">Early works to 1800.</subfield></datafield><datafield tag="700" ind1="0" ind2=" "><subfield code="a">Abdülhamid</subfield><subfield code="b">II,</subfield><subfield code="c">Sultan of the Turks,</subfield><subfield code="d">1842-1918,</subfield><subfield code="e">former owner.</subfield></datafield><datafield tag="700" ind1="0" ind2=" "><subfield code="6">880-07</subfield><subfield code="a">ʻAbd Allāh ibn ʻAbd al-Qādir,</subfield><subfield code="e">former owner.</subfield></datafield><datafield tag="700" ind1="0" ind2=" "><subfield code="6">880-06</subfield><subfield code="a">Aḥmad Khayyir ibn Muḥammad ʻĀrif,</subfield><subfield code="e">former owner.</subfield></datafield><datafield tag="700" ind1="0" ind2=" "><subfield code="6">880-05</subfield><subfield code="a">ʻAbd al-Ghaffār ibn Sinān,</subfield><subfield code="d">fl. 1562,</subfield><subfield code="e">scribe.</subfield></datafield><datafield tag="700" ind1="1" ind2="2"><subfield code="6">880-04</subfield><subfield code="a">Ibn al-Ḥājib, ʻUthmān ibn ʻUmar,</subfield><subfield code="d">1175-1249.</subfield><subfield code="t">Kāfiyah.</subfield></datafield><datafield tag="773" ind1="0" ind2=" "><subfield code="a">Abdul Hamid Collection.</subfield></datafield><datafield tag="880" ind1="0" ind2=" "><subfield code="6">700-07/</subfield><subfield code="a">عبد الله بن عبد القادر،</subfield><subfield code="e">مالك سابق.</subfield></datafield><datafield tag="880" ind1="0" ind2=" "><subfield code="6">700-06/</subfield><subfield code="a">احمد خير بن محمد عارف،</subfield><subfield code="e">مالك سابق.</subfield></datafield><datafield tag="880" ind1="0" ind2=" "><subfield code="6">700-05/</subfield><subfield code="a">عبد الغفار بن سنان،</subfield><subfield code="e">ناسخ.</subfield></datafield><datafield tag="880" ind1="1" ind2="2"><subfield code="6">700-04/</subfield><subfield code="a">ابن الحاجب، عثمان بن عمر.</subfield><subfield code="t">كافية.</subfield></datafield><datafield tag="880" ind1="1" ind2="2"><subfield code="6">245-03/</subfield><subfield code="a">الوافية في شرح الكافية,</subfield><subfield code="f">[970ه, 1562 او 1563م].</subfield></datafield><datafield tag="880" ind1="1" ind2=" "><subfield code="6">100-01/</subfield><subfield code="a">استراباذي، الحسن بن محمد.</subfield></datafield><datafield tag="CID" ind1=" " ind2=" "><subfield code="a">006795901</subfield></datafield><datafield tag="DAT" ind1="0" ind2=" "><subfield code="a">20190719102636.0</subfield><subfield code="b">20190719000000.0</subfield></datafield><datafield tag="DAT" ind1="1" ind2=" "><subfield code="a">20190719090653.0</subfield><subfield code="b">2019-07-19T16:11:17Z</subfield></datafield><datafield tag="DAT" ind1="2" ind2=" "><subfield code="a">2015-10-02T18:00:03Z</subfield></datafield><datafield tag="CAT" ind1=" " ind2=" "><subfield code="a">SDR-MIU</subfield><subfield code="d">EX LIBRIS - ALEPH</subfield><subfield code="l">prepare.pl-004-008</subfield></datafield><datafield tag="FMT" ind1=" " ind2=" "><subfield code="a">BK</subfield></datafield><datafield tag="HOL" ind1=" " ind2=" "><subfield code="0">sdr-miu006795901</subfield><subfield code="a">MiU</subfield><subfield code="b">SDR</subfield><subfield code="c">MIU</subfield><subfield code="p">mdp.39015079126168</subfield><subfield code="s">MIU</subfield><subfield code="1">006795901</subfield></datafield><datafield tag="974" ind1=" " ind2=" "><subfield code="b">MIU</subfield><subfield code="c">MIU</subfield><subfield code="d">20190719</subfield><subfield code="s">lit-dlps-dc</subfield><subfield code="u">mdp.39015079126168</subfield><subfield code="y">1563</subfield><subfield code="r">pd</subfield><subfield code="q">bib</subfield><subfield code="t">non-US bib date2 &lt; 1879</subfield></datafield></record></collection>